<record><leader>01657cam a2200445 i 45 0</leader><controlfield tag="001">6855867</controlfield><controlfield tag="003">OCoLC</controlfield><controlfield tag="005">20150310111256.0</controlfield><controlfield tag="008">141107s2015    mnua   j b    001 0 eng c</controlfield><datafield ind1=" " ind2=" " tag="010"><subfield code="a">  2014043945</subfield></datafield><datafield ind1=" " ind2=" " tag="020"><subfield code="a">9781491470916 (hb)</subfield></datafield><datafield ind1=" " ind2=" " tag="020"><subfield code="a">1491470917 (hb)</subfield></datafield><datafield ind1=" " ind2=" " tag="020"><subfield code="a">9781491470978 (pb)</subfield></datafield><datafield ind1=" " ind2=" " tag="020"><subfield code="a">1491470976 (pb)</subfield></datafield><datafield ind1=" " ind2=" " tag="020"><subfield code="z">9781491471098 (ebook)</subfield></datafield><datafield ind1=" " ind2=" " tag="035"><subfield code="a">ocn895388526</subfield></datafield><datafield ind1=" " ind2=" " tag="040"><subfield code="a">NJQ/DLC</subfield><subfield code="b">eng</subfield><subfield code="e">rda</subfield><subfield code="c">ZQP</subfield><subfield code="d">DLC</subfield><subfield code="d">OCLCO</subfield><subfield code="d">OCLCF</subfield><subfield code="d">AEVC</subfield></datafield><datafield ind1=" " ind2=" " tag="042"><subfield code="a">pcc</subfield></datafield><datafield ind1=" " ind2=" " tag="043"><subfield code="a">n-cn---</subfield></datafield><datafield ind1="0" ind2="0" tag="050"><subfield code="a">QL737.R632</subfield><subfield code="b">C75 2015</subfield></datafield><datafield ind1="0" ind2="4" tag="082"><subfield code="a">599.37</subfield><subfield code="2">23</subfield></datafield><datafield ind1=" " ind2=" " tag="090"><subfield code="a">ER Starter CAN SYM</subfield><subfield code="b">AEVC</subfield></datafield><datafield ind1="1" ind2=" " tag="100"><subfield code="a">Crewe, Sabrina,</subfield><subfield code="e">author.</subfield></datafield><datafield ind1="1" ind2="0" tag="245"><subfield code="a">Beavers /</subfield><subfield code="c">Sabrina Crewe.</subfield></datafield><datafield ind1=" " ind2="1" tag="264"><subfield code="a">North Mankato, Minnesota :</subfield><subfield code="b">Capstone Press,</subfield><subfield code="c">[2015]</subfield></datafield><datafield ind1=" " ind2="4" tag="264"><subfield code="c">&#169;2015.</subfield></datafield><datafield ind1=" " ind2=" " tag="300"><subfield code="a">24 pages :</subfield><subfield code="b">colour illustrations; </subfield><subfield code="c"> 24 x 28 cm</subfield></datafield><datafield ind1=" " ind2=" " tag="336"><subfield code="a">text</subfield><subfield code="2">rdacontent</subfield></datafield><datafield ind1=" " ind2=" " tag="337"><subfield code="a">unmediated</subfield><subfield code="2">rdamedia</subfield></datafield><datafield ind1=" " ind2=" " tag="338"><subfield code="a">volume</subfield><subfield code="2">rdacarrier</subfield></datafield><datafield ind1="0" ind2=" " tag="490"><subfield code="a">Canadian symbols</subfield></datafield><datafield ind1=" " ind2=" " tag="500"><subfield code="a">"Pebble Plus is published by Capstone Press."</subfield></datafield><datafield ind1=" " ind2=" " tag="504"><subfield code="a">Includes bibliographical references and index.</subfield></datafield><datafield ind1="0" ind2=" " tag="505"><subfield code="a">A symbol for Canada -- About beavers -- Emblems and symbols -- Busy as a beaver.</subfield></datafield><datafield ind1=" " ind2=" " tag="520"><subfield code="a">"This book takes a simple look at the beaver, and the significance of this unique animal as a symbol of Canada."--</subfield><subfield code="c">Provided by publisher.</subfield></datafield><datafield ind1=" " ind2=" " tag="596"><subfield code="a">3</subfield></datafield><datafield ind1=" " ind2="0" tag="650"><subfield code="a">Beavers</subfield><subfield code="v">Juvenile literature.</subfield></datafield><datafield ind1=" " ind2="0" tag="650"><subfield code="a">Emblems, National</subfield><subfield code="z">Canada</subfield><subfield code="v">Juvenile literature.</subfield></datafield><datafield ind1=" " ind2="0" tag="830"><subfield code="a">Pebble plus.</subfield><subfield code="p"> Canadian symbols.</subfield></datafield><datafield ind1=" " ind2=" " tag="926"><subfield code="a">ER Starter CAN SYM</subfield><subfield code="w">ASIS</subfield><subfield code="c">1</subfield><subfield code="i">33862001359219</subfield><subfield code="d">2/13/2017</subfield><subfield code="e">2/10/2017</subfield><subfield code="l">EASY_READ</subfield><subfield code="m">NORQ_MAIN</subfield><subfield code="n">7</subfield><subfield code="p">$17.24</subfield><subfield code="r">Y</subfield><subfield code="s">Y</subfield><subfield code="t">BOOK</subfield><subfield code="u">5/5/2015</subfield></datafield></record>